%
%  An example of a bibliographical database in BibTeX format,
%  which is used by biblatex to create the list of referenced works.
%
%  Academic search engines and software for maintenance of bibliography
%  often supports exporting records in BibTeX format. We recommend:
%
%    - Google Scholar (https://scholar.google.com/)
%    - JabRef (https://www.jabref.org/)
%    - zoterobib (https://zbib.org/)
%
%  BEWARE:
%
%    *  If a name contains a capital letter, which must be kept such,
%       use curly brackets ({T}hailand, {HIV}).
%
%  ===========================================================================


@book{3d-print-basics,
  title = {Basics of 3D Printing with Josef Prusa},
  publisher = {Prusa Research},
  year = {2019},
  author = {Ondřej Stříteský and Josef Průša and Martin Bach},
  address = {Praha},
  url = {https://www.prusa3d.com/downloads/basics-of-3d-printing.pdf},
  chapter = {3D PRINTING TECHNOLOGIES - FFF 3D printers components}
}

@online{dc-motor,
    title = {Direct Current Motor},
    url = {https://www.iqsdirectory.com/articles/electric-motor/dc-motors.html}
}

@online{fdm,
    title = {Fused Deposition Modeling},
    url = {https://en.wikipedia.org/wiki/Fused_filament_fabrication}
}

@online{stl,
    title = {STL format},
    url = {https://en.wikipedia.org/wiki/STL_(file_format)}
}

@online{gcode,
    title = {G-code},
    url = {https://en.wikipedia.org/wiki/G-code}
}

@online{petg,
    title = {PETG},
    url = {https://help.prusa3d.com/article/petg_2059}
}

@online{crc,
    title = {CRC},
    url = {https://en.wikipedia.org/wiki/Cyclic_redundancy_check}
}

@online{slicer,
    title = {Prusa Slicer},
    url = {https://www.prusa3d.com/page/prusaslicer_424/}
}

@online{ptfe,
    title = {PTFE},
    url = {https://www.prusa3d.com/cs/produkt/hotend-ptfe-tube-mk2-5s-mk3s-mmu2s/}
}

@online{prusa-xl,
    title = {Prusa XL},
    url = {https://www.prusa3d.com/product/original-prusa-xl-semi-assembled-5-toolhead-3d-printer/}
}

@online{prusa-mk4,
    title = {Prusa MK4},
    url = {https://www.prusa3d.com/product/original-prusa-mk4-2/}
}

@online{prusa-mini,
    title = {Prusa Mini},
    url = {https://www.prusa3d.com/product/original-prusa-mini-semi-assembled-3d-printer-4/}
}

@online{prusa-printers,
    title = {Prusa printers},
    url = {https://www.prusa3d.com/category/3d-printers/}
}


@online{prusa-mmu3,
    title = {Prusa MMU3},
    url = {https://www.prusa3d.com/product/original-prusa-mmu3-upgrade-kit-for-mk3s-2/}
}

@online{arm-cortex,
    title = {Cortex-M0+},
    url = {https://developer.arm.com/Processors/Cortex-M0-Plus}
}

@online{hall-effect,
    title = {Hall Effect},
    url = {https://www.britannica.com/science/Hall-effect}
}

@online{master-slave,
    title = {Master–slave architecture},
    url = {https://en.wikipedia.org/wiki/Master%E2%80%93slave_(technology)}
}

@online{can,
    title = {CAN bus},
    url = {https://en.wikipedia.org/wiki/CAN_bus}
}

@online{modbus,
    title = {Modbus},
    url = {https://en.wikipedia.org/wiki/Modbus}
}

@online{uart,
    title = {UART},
    url = {https://cs.wikipedia.org/wiki/UART}
}

@online{mspm0-manual,
    tilte = {MSPM0 G-Series 80-MHz Microcontrollers},
    url = {https://www.ti.com/lit/ug/slau846a/slau846a.pdf?ts=1713079548866&ref_url=https%253A%252F%252Fwww.ti.com%252Fproduct%252FMSPM0G3507}
}

@online{mspm0g3507,
    tilte = {MSPM0G3507},
    url = {https://www.ti.com/tool/LP-MSPM0G3507}
}

%TODO
@online{avr-price,
    title = {AVR price},
    url = {https://eu.mouser.com/ProductDetail/Microchip-Technology/ATMEGA8-16PU?qs=7JStj/jQ2SFlSdRaC1qNjQ%3D%3D}
}

@online{hall-effect-sensor,
    title = {Hall effect sensor datasheet},
    url = {https://evelta.com/content/datasheets/360-MT9105ET.pdf}
}

@online{motor-driver,
    title = {TB6612FNG Dual Motor Driver Carrier},
    url = {https://www.pololu.com/product/713}
}

@online{driver-lib,
    title = {Texas Instruments driver library},
    url = {https://dev.ti.com/tirex/explore/node?node=A__AKc6sRDImfLcqfXkLIu3AQ__MSPM0-SDK__a3PaaoK__LATEST}
}

@online{google-test,
    title = {Google Test repository},
    url = {https://github.com/google/googletest}
}

@online{google-mock,
    title = {Google Mock repository},
    url = {https://google.github.io/googletest/gmock_cook_book.html}
}

@online{clang-format,
    title = {ClangFormat},
    url = {https://clang.llvm.org/docs/ClangFormat.html}
}

@online{catch2,
    title = {Catch2 repository},
    url = {https://github.com/catchorg/Catch2}
}

@online{docker,
    title = {Docker},
    url = {https://www.docker.com/}
}

@online{ccs,
    title = {Code Composer Studio},
    url = {https://www.ti.com/tool/CCSTUDIO}
}

@online{uniflash,
    title = {Uniflash},
    url = {https://www.ti.com/tool/download/UNIFLASH/8.3.0}
}

@online{debugger,
    title = {Debugger},
    url = {https://www.ti.com/tool/LP-XDS110}
}

@online{sysconfig,
    title = {SysConfig},
    url = {https://www.ti.com/tool/download/SYSCONFIG/1.17.0.3128}
}

@online{compiler,
    title = {TI-clang},
    url = {https://www.ti.com/tool/download/ARM-CGT-CLANG/3.2.1.LTS}
}

@online{pid,
    title = {PID regulation},
    url = {https://en.wikipedia.org/wiki/Proportional%E2%80%93integral%E2%80%93derivative_controller}
}

@online{make,
    title = {Make},
    url = {https://www.gnu.org/software/make/manual/make.html}
}

@online{cmake,
    title = {CMake},
    url = {https://cmake.org/}
}

@online{sdk,
    title = {SDK},
    url = {https://github.com/TexasInstruments/mspm0-sdk}
}

@online{kalman-filter,
    title = {Kalman-filter},
    url = {https://web.mit.edu/kirtley/kirtley/binlustuff/literature/control/Kalman%20filter.pdf}
}

@online{pwm,
    title = {PWM},
    url = {https://en.wikipedia.org/wiki/Pulse-width_modulation#:~:text=Pulse%2Dwidth%20modulation%20(PWM),methods%20also%20a%20varying%20period).}
}
